<record><leader>00000cas a2200000 a 4500</leader><controlfield tag="001">12717620</controlfield><controlfield tag="008">851025d18841890ksuwr ne      0    0eng d</controlfield><datafield ind1=" " ind2=" " tag="010"><subfield code="a">sn 85029761 </subfield></datafield><datafield ind1=" " ind2=" " tag="040"><subfield code="a">KSH</subfield><subfield code="b">eng</subfield><subfield code="c">KSH</subfield><subfield code="d">NPT</subfield><subfield code="d">OCL</subfield><subfield code="d">OCLCQ</subfield></datafield><datafield ind1=" " ind2=" " tag="042"><subfield code="a">msc</subfield></datafield><datafield ind1="0" ind2="0" tag="245"><subfield code="a">Smith County bulletin.</subfield></datafield><datafield ind1="3" ind2="0" tag="246"><subfield code="a">Daily Smith County bulletin</subfield><subfield code="f">Sept. 13 [i.e. 14]-18, 1887</subfield></datafield><datafield ind1=" " ind2=" " tag="260"><subfield code="a">Smith Centre, Kan. :</subfield><subfield code="b">John Q. Royce,</subfield><subfield code="c">1884-1890.</subfield></datafield><datafield ind1=" " ind2=" " tag="300"><subfield code="a">7 v. :</subfield><subfield code="b">ill. ;</subfield><subfield code="c">57-64 cm.</subfield></datafield><datafield ind1=" " ind2=" " tag="310"><subfield code="a">Weekly</subfield></datafield><datafield ind1="0" ind2=" " tag="362"><subfield code="a">Vol. 1, no. 1 (Mar. 7, 1884)-v. 1, no. 2 (Mar. 14, 1884) ; v. 3, no. 34 (Mar. 21, 1884)-v. 9, no. 51 (July 17, 1890).</subfield></datafield><datafield ind1=" " ind2=" " tag="500"><subfield code="a">Published daily during the fair as: Daily Smith County bulletin, Sept. 13 [i.e. 14]-18, 1887.</subfield></datafield><datafield ind1=" " ind2=" " tag="500"><subfield code="a">"Republican."</subfield></datafield><datafield ind1=" " ind2=" " tag="752"><subfield code="a">United States</subfield><subfield code="b">Kansas</subfield><subfield code="c">Smith</subfield><subfield code="d">Smith Center.</subfield></datafield><datafield ind1="0" ind2="0" tag="780"><subfield code="t">Smith County weekly record</subfield><subfield code="w">(DLC)sn 85029756</subfield></datafield><datafield ind1="0" ind2="7" tag="785"><subfield code="t">Weekly Kansas pioneer</subfield><subfield code="w">(DLC)sn 85029772</subfield></datafield><datafield ind1="0" ind2="7" tag="785"><subfield code="t">Pioneer-bulletin</subfield><subfield code="w">(DLC)sn 85029758</subfield></datafield><datafield ind1="1" ind2=" " tag="029"><subfield code="a">AU@</subfield><subfield code="b">000022172320</subfield></datafield></record>